%YAML 1.1
%TAG !u! tag:unity3d.com,2011:
--- !u!1 &1953486318197730011
GameObject:
  m_ObjectHideFlags: 0
  m_CorrespondingSourceObject: {fileID: 0}
  m_PrefabInstance: {fileID: 0}
  m_PrefabAsset: {fileID: 0}
  serializedVersion: 6
  m_Component:
  - component: {fileID: 1953486318197730008}
  - component: {fileID: 1953486318197730004}
  - component: {fileID: 1953486318197730007}
  - component: {fileID: 1953486318197730006}
  - component: {fileID: 1440111429035064789}
  - component: {fileID: 8013849180693233494}
  - component: {fileID: 472171131043068435}
  m_Layer: 8
  m_Name: JoeBiden
  m_TagString: Fruit
  m_Icon: {fileID: 0}
  m_NavMeshLayer: 0
  m_StaticEditorFlags: 0
  m_IsActive: 1
--- !u!4 &1953486318197730008
Transform:
  m_ObjectHideFlags: 0
  m_CorrespondingSourceObject: {fileID: 0}
  m_PrefabInstance: {fileID: 0}
  m_PrefabAsset: {fileID: 0}
  m_GameObject: {fileID: 1953486318197730011}
  m_LocalRotation: {x: 0, y: 0, z: 0, w: 1}
  m_LocalPosition: {x: 12.1, y: 0, z: 0}
  m_LocalScale: {x: 2, y: 2, z: 1}
  m_Children: []
  m_Father: {fileID: 0}
  m_RootOrder: 0
  m_LocalEulerAnglesHint: {x: 0, y: 0, z: 0}
--- !u!114 &1953486318197730004
MonoBehaviour:
  m_ObjectHideFlags: 0
  m_CorrespondingSourceObject: {fileID: 0}
  m_PrefabInstance: {fileID: 0}
  m_PrefabAsset: {fileID: 0}
  m_GameObject: {fileID: 1953486318197730011}
  m_Enabled: 1
  m_EditorHideFlags: 0
  m_Script: {fileID: 11500000, guid: c6901cffc48004866b119adf311e5e09, type: 3}
  m_Name: 
  m_EditorClassIdentifier: 
  RotTime: 10
  RotDelay: 1
  FreshColour: {r: 1, g: 1, b: 1, a: 1}
  RottenColour: {r: 0.03818085, g: 0.735849, b: 0.10047258, a: 1}
  RotColourGradient:
    serializedVersion: 2
    key0: {r: 1, g: 1, b: 1, a: 1}
    key1: {r: 0.08687875, g: 0.6415094, b: 0.033285867, a: 1}
    key2: {r: 0, g: 0, b: 0, a: 0}
    key3: {r: 0, g: 0, b: 0, a: 0}
    key4: {r: 0, g: 0, b: 0, a: 0}
    key5: {r: 0, g: 0, b: 0, a: 0}
    key6: {r: 0, g: 0, b: 0, a: 0}
    key7: {r: 0, g: 0, b: 0, a: 0}
    ctime0: 0
    ctime1: 65535
    ctime2: 0
    ctime3: 0
    ctime4: 0
    ctime5: 0
    ctime6: 0
    ctime7: 0
    atime0: 0
    atime1: 65535
    atime2: 0
    atime3: 0
    atime4: 0
    atime5: 0
    atime6: 0
    atime7: 0
    m_Mode: 0
    m_NumColorKeys: 2
    m_NumAlphaKeys: 2
  ObstacleDamage: 10
  DestroyOnHitWall: 0
  BossDamage: 10
  SpawnTime: 0.5
  ShrinkTime: 0.25
  RottenShrinkTime: 30
  FallTime: 0.5
  GrowScale: 3
  ThrowTorque: 0.15
  SpawnAudio: {fileID: 8300000, guid: 8e3628ffc1c3943b2abf8257dd0aa5ed, type: 3}
  TimeTickAudio: {fileID: 0}
  TickScale: 2
  TickTime: 0.25
  SpriteLight: {fileID: 0}
  PointLight: {fileID: 0}
  Trail: {fileID: 0}
  SplatPrefab: {fileID: 3286686960383439616, guid: 770c305700adf4e92a2430574202f497,
    type: 3}
  SplatColour: {r: 1, g: 0, b: 0, a: 1}
  PerfectPercent: 90
  RipePercent: 90
  JuicyPercent: 70
  PerfectMessage: PERFECT!!
  RipeMessage: RIPE!
  JuicyMessage: JUICY!
  MoonMessage: MOON BOOST!!
  RottenMessage: YUK!
  ToxicMessage: TOXIC!
  PerfectScoreColour: {r: 0.017577427, g: 0.745283, b: 0.017577427, a: 1}
  RipeScoreColour: {r: 1, g: 0.7108707, b: 0.023584902, a: 1}
  JuicyScoreColour: {r: 0.043075833, g: 0.8218841, b: 0.8301887, a: 1}
  OkScoreColour: {r: 0.623309, g: 0.6509434, b: 0.6474891, a: 1}
  MoonScoreColour: {r: 1, g: 1, b: 1, a: 1}
  RottenScoreColour: {r: 1, g: 0, b: 0, a: 1}
  ToxicScoreColour: {r: 1, g: 0, b: 1, a: 1}
  CardType: 0
  TimeMessage: TIME BOOST!
  TimeColour: {r: 1, g: 1, b: 1, a: 1}
  IsMoon: 0
  MoonFuel: 0
  MoonHealth: 0
  MoonLight: {fileID: 0}
  MoonDisableColour: {r: 0, g: 1, b: 1, a: 1}
  MoonPortalEntry: {fileID: 0}
  HitGroundAudio: {fileID: 8300000, guid: 8f57063a5c36249f4820419319e4f2d2, type: 3}
  HitFruitAudio: {fileID: 8300000, guid: 3b901cd5cdfc7464189affa6c14d8e58, type: 3}
  HitMoonAudio: {fileID: 0}
  HitPlayerAudio: {fileID: 8300000, guid: bd91d091273354f51a7cf1a2ca111070, type: 3}
  ThrowAudio: {fileID: 8300000, guid: 8e3628ffc1c3943b2abf8257dd0aa5ed, type: 3}
--- !u!212 &1953486318197730007
SpriteRenderer:
  m_ObjectHideFlags: 0
  m_CorrespondingSourceObject: {fileID: 0}
  m_PrefabInstance: {fileID: 0}
  m_PrefabAsset: {fileID: 0}
  m_GameObject: {fileID: 1953486318197730011}
  m_Enabled: 1
  m_CastShadows: 0
  m_ReceiveShadows: 0
  m_DynamicOccludee: 1
  m_MotionVectors: 1
  m_LightProbeUsage: 1
  m_ReflectionProbeUsage: 1
  m_RayTracingMode: 0
  m_RenderingLayerMask: 1
  m_RendererPriority: 0
  m_Materials:
  - {fileID: 2100000, guid: a97c105638bdf8b4a8650670310a4cd3, type: 2}
  m_StaticBatchInfo:
    firstSubMesh: 0
    subMeshCount: 0
  m_StaticBatchRoot: {fileID: 0}
  m_ProbeAnchor: {fileID: 0}
  m_LightProbeVolumeOverride: {fileID: 0}
  m_ScaleInLightmap: 1
  m_ReceiveGI: 1
  m_PreserveUVs: 0
  m_IgnoreNormalsForChartDetection: 0
  m_ImportantGI: 0
  m_StitchLightmapSeams: 1
  m_SelectedEditorRenderState: 0
  m_MinimumChartSize: 4
  m_AutoUVMaxDistance: 0.5
  m_AutoUVMaxAngle: 89
  m_LightmapParameters: {fileID: 0}
  m_SortingLayerID: 1096028817
  m_SortingLayer: 8
  m_SortingOrder: 0
  m_Sprite: {fileID: 21300000, guid: fee81772a40ce48a49844533b41c0f29, type: 3}
  m_Color: {r: 1, g: 1, b: 1, a: 1}
  m_FlipX: 0
  m_FlipY: 0
  m_DrawMode: 0
  m_Size: {x: 0.9, y: 0.9}
  m_AdaptiveModeThreshold: 0.5
  m_SpriteTileMode: 0
  m_WasSpriteAssigned: 1
  m_MaskInteraction: 0
  m_SpriteSortPoint: 0
--- !u!50 &1953486318197730006
Rigidbody2D:
  serializedVersion: 4
  m_ObjectHideFlags: 0
  m_CorrespondingSourceObject: {fileID: 0}
  m_PrefabInstance: {fileID: 0}
  m_PrefabAsset: {fileID: 0}
  m_GameObject: {fileID: 1953486318197730011}
  m_BodyType: 0
  m_Simulated: 1
  m_UseFullKinematicContacts: 0
  m_UseAutoMass: 0
  m_Mass: 0.5
  m_LinearDrag: 0
  m_AngularDrag: 0.05
  m_GravityScale: 1
  m_Material: {fileID: 6200000, guid: 84965b18e58484bc2a97b33ddf36ac09, type: 2}
  m_Interpolate: 0
  m_SleepingMode: 1
  m_CollisionDetection: 0
  m_Constraints: 0
--- !u!70 &1440111429035064789
CapsuleCollider2D:
  m_ObjectHideFlags: 0
  m_CorrespondingSourceObject: {fileID: 0}
  m_PrefabInstance: {fileID: 0}
  m_PrefabAsset: {fileID: 0}
  m_GameObject: {fileID: 1953486318197730011}
  m_Enabled: 1
  m_Density: 1
  m_Material: {fileID: 0}
  m_IsTrigger: 0
  m_UsedByEffector: 0
  m_UsedByComposite: 0
  m_Offset: {x: 0.035409134, y: 0.113434955}
  m_Size: {x: 2.2054193, y: 2.7216358}
  m_Direction: 0
--- !u!114 &8013849180693233494
MonoBehaviour:
  m_ObjectHideFlags: 0
  m_CorrespondingSourceObject: {fileID: 0}
  m_PrefabInstance: {fileID: 0}
  m_PrefabAsset: {fileID: 0}
  m_GameObject: {fileID: 1953486318197730011}
  m_Enabled: 1
  m_EditorHideFlags: 0
  m_Script: {fileID: 11500000, guid: f6fb8011fc61a48cb89d04925b9358fe, type: 3}
  m_Name: 
  m_EditorClassIdentifier: 
  IsActive: 1
  Lights: []
--- !u!82 &472171131043068435
AudioSource:
  m_ObjectHideFlags: 0
  m_CorrespondingSourceObject: {fileID: 0}
  m_PrefabInstance: {fileID: 0}
  m_PrefabAsset: {fileID: 0}
  m_GameObject: {fileID: 1953486318197730011}
  m_Enabled: 1
  serializedVersion: 4
  OutputAudioMixerGroup: {fileID: -7043399712315920271, guid: 32941299e93d64eddb395492124b5216,
    type: 2}
  m_audioClip: {fileID: 0}
  m_PlayOnAwake: 1
  m_Volume: 1
  m_Pitch: 1
  Loop: 0
  Mute: 0
  Spatialize: 0
  SpatializePostEffects: 0
  Priority: 128
  DopplerLevel: 1
  MinDistance: 1
  MaxDistance: 500
  Pan2D: 0
  rolloffMode: 0
  BypassEffects: 0
  BypassListenerEffects: 0
  BypassReverbZones: 0
  rolloffCustomCurve:
    serializedVersion: 2
    m_Curve:
    - serializedVersion: 3
      time: 0
      value: 1
      inSlope: 0
      outSlope: 0
      tangentMode: 0
      weightedMode: 0
      inWeight: 0.33333334
      outWeight: 0.33333334
    - serializedVersion: 3
      time: 1
      value: 0
      inSlope: 0
      outSlope: 0
      tangentMode: 0
      weightedMode: 0
      inWeight: 0.33333334
      outWeight: 0.33333334
    m_PreInfinity: 2
    m_PostInfinity: 2
    m_RotationOrder: 4
  panLevelCustomCurve:
    serializedVersion: 2
    m_Curve:
    - serializedVersion: 3
      time: 0
      value: 0
      inSlope: 0
      outSlope: 0
      tangentMode: 0
      weightedMode: 0
      inWeight: 0.33333334
      outWeight: 0.33333334
    m_PreInfinity: 2
    m_PostInfinity: 2
    m_RotationOrder: 4
  spreadCustomCurve:
    serializedVersion: 2
    m_Curve:
    - serializedVersion: 3
      time: 0
      value: 0
      inSlope: 0
      outSlope: 0
      tangentMode: 0
      weightedMode: 0
      inWeight: 0.33333334
      outWeight: 0.33333334
    m_PreInfinity: 2
    m_PostInfinity: 2
    m_RotationOrder: 4
  reverbZoneMixCustomCurve:
    serializedVersion: 2
    m_Curve:
    - serializedVersion: 3
      time: 0
      value: 1
      inSlope: 0
      outSlope: 0
      tangentMode: 0
      weightedMode: 0
      inWeight: 0.33333334
      outWeight: 0.33333334
    m_PreInfinity: 2
    m_PostInfinity: 2
    m_RotationOrder: 4
